
@misc{_codata_????,
	title = {{CODATA} {Value}: {Bohr} magneton},
	url = {http://physics.nist.gov/cgi-bin/cuu/Value?mub},
	urldate = {2016-12-01},
	file = {CODATA Value\: Bohr magneton:/home/jack/Documents/Resources/zotero/storage/WFC8SWCS/Value.html:text/html}
}

@book{harnwell_experimental_1933,
	title = {Experimental {Atomic} {Physics}},
	url = {http://krishikosh.egranth.ac.in/bitstream/1/2025686/1/BPT20799.pdf},
	urldate = {2016-11-14},
	publisher = {McGraw-Hill},
	author = {Harnwell, GP and Livingood, JJ},
	year = {1933},
	file = {BPT20799.pdf:/home/jack/Documents/Resources/zotero/storage/9ZB365V8/BPT20799.pdf:application/pdf}
}

@book{melissinos_experiments_1966,
	title = {Experiments in {Modern} {Physics}},
	url = {https://ia801406.us.archive.org/27/items/ExperimentsInModernPhysics/Melissinos-ExperimentsInModernPhysics.pdf},
	urldate = {2016-11-13},
	publisher = {Academic Press},
	author = {Melissinos, A.C.},
	year = {1966},
	file = {Melissinos-ExperimentsInModernPhysics.pdf:/home/jack/Documents/Resources/zotero/storage/UXATER6E/Melissinos-ExperimentsInModernPhysics.pdf:application/pdf}
}

@misc{stigmatella_aurantiaca_file:etalon-2.svg_2012,
	title = {File:{Etalon}-2.svg},
	copyright = {Creative Commons Attribution-ShareAlike License},
	shorttitle = {File},
	url = {https://en.wikipedia.org/w/index.php?title=File:Etalon-2.svg&oldid=502562557},
	abstract = {Author: User:Stigmatella aurantiaca
Description: A Fabry–Pérot etalon. Light enters the etalon and undergoes multiple internal reflections.
Source: This is a derivative work of File:Etalon-1.svg uploaded by Kevin j morse under Creative Commons Attribution ShareAlike 3.0 and the GNU Free Documentation License, and is being distributed under the same terms.},
	language = {en},
	urldate = {2016-12-01},
	journal = {Wikipedia},
	author = {{Stigmatella aurantiaca}},
	month = jul,
	year = {2012},
	note = {Page Version ID: 502562557},
	file = {Snapshot:/home/jack/Documents/Resources/zotero/storage/BIH8ZSKT/index.html:text/html}
}

@book{jenkins_fundamentals_2001,
	edition = {4},
	title = {Fundamentals of {Optics}},
	url = {https://seanghor.files.wordpress.com/2011/11/fundamentals-of-optics_0072561912.pdf},
	urldate = {2016-11-13},
	publisher = {McGraw-Hill},
	author = {Jenkins, F.A. and White, H.E.},
	year = {2001},
	file = {fundamentals-of-optics_0072561912.pdf:/home/jack/Documents/Resources/zotero/storage/WBMXVJ34/fundamentals-of-optics_0072561912.pdf:application/pdf}
}

@misc{_zeeman_????,
	title = {The {Zeeman} {Effect} in {Atomic} {Mercury}},
	url = {http://cat.middlebury.edu/~PHManual/zeeman.html#ref},
	urldate = {2016-11-22},
	file = {The Zeeman Effect in Atomic Mercury:/home/jack/Documents/Resources/zotero/storage/5N8489DQ/zeeman.html:text/html}
}

@misc{brolight_technology_co._ltd._zeeman_????,
	title = {Zeeman {Effect} {Experiment} {Instruction} {Manual}},
	publisher = {PASCO Scientific},
	author = {{Brolight Technology Co., Ltd.}},
	file = {Zeeman Effect Instruction Manual_.pdf:/home/jack/Documents/Resources/zotero/storage/NRRKKEB8/Zeeman Effect Instruction Manual_.pdf:application/pdf}
}

@misc{stoltenberg_zeeman_2007,
	title = {Zeeman {Effect} in {Mercury}},
	url = {https://courses.washington.edu/phys432/zeeman/zeeman_effect.pdf},
	urldate = {2016-11-22},
	author = {Stoltenberg, J. and Pengra, D. and Van Dyck, R.},
	month = feb,
	year = {2007},
	file = {zeeman_effect.pdf:/home/jack/Documents/Resources/zotero/storage/9FESM56Z/zeeman_effect.pdf:application/pdf}
}